@article{rest,
  author = {Fielding, Roy Thomas},
  title = {{Architectural Styles and the Design of Network-based Software Architectures}},
  year = {2000}}

@Misc{repoGithub,
  Author={Maulana, Alfi and Soemarsono, Fairuz F.},
  Title={{Kode Sumber ATI Warehouse}},
  Note={\url{https://github.com/threeal/ati-warehouse}\ [Terakhir diakses pada tanggal 28 September 2020]},
  year={2020}}
